<record><leader>00000cas a22000007a 4500</leader><controlfield tag="001">25053177</controlfield><controlfield tag="008">920106d18491849nyumr ne      0    0eng d</controlfield><datafield ind1=" " ind2=" " tag="010"><subfield code="a">sn 91069189 </subfield></datafield><datafield ind1=" " ind2=" " tag="040"><subfield code="a">ONP</subfield><subfield code="b">eng</subfield><subfield code="c">ONP</subfield><subfield code="d">OCLCQ</subfield></datafield><datafield ind1=" " ind2=" " tag="042"><subfield code="a">msc</subfield></datafield><datafield ind1="0" ind2=" " tag="130"><subfield code="a">Liberty leaguer (Honeoye, New York)</subfield></datafield><datafield ind1="1" ind2="0" tag="245"><subfield code="a">Liberty leaguer.</subfield></datafield><datafield ind1=" " ind2=" " tag="260"><subfield code="a">Honeoye, Ontario County, N.Y. :</subfield><subfield code="b">Wm. Goodell,</subfield><subfield code="c">1849.</subfield></datafield><datafield ind1=" " ind2=" " tag="300"><subfield code="a">v.</subfield></datafield><datafield ind1=" " ind2=" " tag="310"><subfield code="a">Monthly</subfield></datafield><datafield ind1="0" ind2=" " tag="362"><subfield code="a">Vol. 1, no. 1 (Mar. 1, 1849)-</subfield></datafield><datafield ind1="1" ind2=" " tag="362"><subfield code="a">Ceased in May 1849?</subfield></datafield><datafield ind1=" " ind2=" " tag="752"><subfield code="a">United States</subfield><subfield code="b">New York</subfield><subfield code="c">Ontario</subfield><subfield code="d">Honeoye.</subfield></datafield><datafield ind1="0" ind2="0" tag="780"><subfield code="t">Christian investigator</subfield></datafield></record>